@article{Xu_2020,
   title={Frequency Principle: Fourier Analysis Sheds Light on Deep Neural Networks},
   volume={28},
   ISSN={1991-7120},
   url={http://dx.doi.org/10.4208/cicp.OA-2020-0085},
   DOI={10.4208/cicp.oa-2020-0085},
   number={5},
   journal={Communications in Computational Physics},
   publisher={Global Science Press},
   author={Xu, Zhi-Qin John},
   year={2020},
   month={Jun},
   pages={1746–1767}
}

@book{saad2003iterative,
  title={Iterative methods for sparse linear systems},
  author={Saad, Yousef},
  year={2003},
  publisher={SIAM}
}

@book{nocedal2006numerical,
  title={Numerical optimization},
  author={Nocedal, Jorge and Wright, Stephen},
  year={2006},
  publisher={Springer Science \& Business Media}
}

@inproceedings{lecun1988theoretical,
  title={A theoretical framework for back-propagation},
  author={LeCun, Yann and Touresky, D and Hinton, G and Sejnowski, T},
  booktitle={Proceedings of the 1988 connectionist models summer school},
  volume={1},
  pages={21--28},
  year={1988}
}

@misc{basri2019convergence,
      title={The Convergence Rate of Neural Networks for Learned Functions of Different Frequencies}, 
      author={Ronen Basri and David Jacobs and Yoni Kasten and Shira Kritchman},
      year={2019},
      eprint={1906.00425},
      archivePrefix={arXiv},
      primaryClass={cs.LG}
}

@misc{du2019gradient,
      title={Gradient Descent Provably Optimizes Over-parameterized Neural Networks}, 
      author={Simon S. Du and Xiyu Zhai and Barnabas Poczos and Aarti Singh},
      year={2019},
      eprint={1810.02054},
      archivePrefix={arXiv},
      primaryClass={cs.LG}
}

@misc{arora2019finegrained,
      title={Fine-Grained Analysis of Optimization and Generalization for Overparameterized Two-Layer Neural Networks}, 
      author={Sanjeev Arora and Simon S. Du and Wei Hu and Zhiyuan Li and Ruosong Wang},
      year={2019},
      eprint={1901.08584},
      archivePrefix={arXiv},
      primaryClass={cs.LG}
}

@misc{e2017deep,
      title={{The Deep Ritz method: A deep learning-based numerical algorithm for solving variational problems}}, 
      author={Weinan E and Bing Yu},
      year={2017},
      eprint={1710.00211},
      archivePrefix={arXiv},
      primaryClass={cs.LG}
}



@book{10.5555/357695,
author = {Briggs, William L. and Henson, Van Emden and McCormick, Steve F.}, title = {A Multigrid Tutorial (2nd Ed.)}, year = {2000}, isbn = {0898714621}, publisher = {Society for Industrial and Applied Mathematics}, address = {USA} }



@misc{jacot2020neural,
      title={Neural Tangent Kernel: Convergence and Generalization in Neural Networks}, 
      author={Arthur Jacot and Franck Gabriel and Clément Hongler},
      year={2020},
      eprint={1806.07572},
      archivePrefix={arXiv},
      primaryClass={cs.LG}
}

  @misc{ enwiki:1020987696,
    author = "{Wikipedia contributors}",
    title = "Artificial neural network --- {Wikipedia}{,} The Free Encyclopedia",
    year = "2021",
    url = "https://en.wikipedia.org/w/index.php?title=Artificial_neural_network&oldid=1020987696",
    note = "[Online; accessed 4-May-2021]"
  }
  
  
   @misc{du_2020, title={{Ultra-Wide Deep Nets and the Neural Tangent Kernel (NTK)}}, url={https://blog.ml.cmu.edu/2019/10/03/ultra-wide-deep-nets-and-the-neural-tangent-kernel-ntk/}, journal={Machine Learning Blog | ML@CMU | Carnegie Mellon University}, author={Du, Simon}, year={2020}, month={Jul}} 
